@misc{LinuxMiniPrograms,
	author = {YU Zhejian},
	title = {LinuxMiniPrograms},
    year = {2019},
	howpublished = {\url{http://github.com/YuZJLab/LinuxMiniPrograms}}
}

@misc{YLBook,
	author = {YU Zhejian},
	title = {YLBook.cls},
    year = {2019},
	howpublished = {\url{https://github.com/YuZJLab/YLBook.cls}}
}
@misc{covid,
	author = {Datahub.io},
	title = {Novel Coronavirus 2019 - Dataset - DataHub - Frictionless Data},
    year = {2020},
	howpublished = {\url{https://datahub.io/core/covid-19}}
}
@misc{Stylish,
	author = {Mathias Legrand},
	title = {Stylish Article Version 2.1},
    year = {2015},
	howpublished = {\url{http://www.LaTeXTemplates.com}}
}
@misc{IEEEtran,
	author = {Michael Shell},
	title = {IEEEtran â€“ Document class for IEEE Transactions journals and conferences Version 1.8b},
    year = {2015},
	howpublished = {\url{https://ctan.org/pkg/ieeetran}}
}
@misc{sqlite_err,
	author = {UNKNOWN},
	title = {How To Corrupt An SQLite Database File},
    year = {UNKNOWN},
	howpublished = {\url{https://www.sqlite.org/howtocorrupt.html}}
}
@misc{WHOData,
	author = {WHO},
	title = {WHO Coronavirus Disease (COVID-19) Dashboard},
    year = {2020/12/28, 4:56pm CET},
	howpublished = {\url{https://covid19.who.int/}}
}
